@article{kubernetes-docs,
  author = {Kubernetes Authors},
  title = {Kubernetes Documentation},
  journal = {Kubernetes.io},
  year = {2023},
  url = {https://kubernetes.io/docs/}
}

@inproceedings{k8s-scheduler,
  author = {V. Kozlov and P. Morrice},
  title = {Kubernetes: A Container Scheduler for Cloud Computing},
  booktitle = {Proceedings of the 6th International Conference on Cloud Computing},
  year = {2022},
  pages = {112-120},
  publisher = {ACM},
}

@techreport{k8s-security,
  author = {R. Sharma and S. Kumar},
  title = {Security Challenges and Considerations in Kubernetes},
  institution = {TechCorp},
  year = {2021},
  number = {TC-2021-123},
}

@book{k8s-orchestration,
  author = {A. Burns and B. Grant and D. Oppenheimer},
  title = {Kubernetes: Up and Running},
  year = {2020},
  publisher = {O'Reilly Media},
  address = {Sebastopol, CA},
}

@online{k8s-medium,
  author = {D. Smith},
  title = {Understanding Kubernetes: A Beginner's Guide},
  year = {2019},
  url = {https://medium.com/kubernetes}
}